<collection xmlns="http://www.loc.gov/MARC21/slim">
<record>
  <leader>01339nam0a22002291i 450 </leader>
  <controlfield tag="001">IT\ICCU\CNCE\059163</controlfield>
  <controlfield tag="005">20111228000000.0</controlfield>
  <datafield tag="012" ind1=" " ind2=" ">
    <subfield code="a">a-a- usi- tue, orse (3) 1575 (Q)</subfield>
    <subfield code="2">fei</subfield>
  </datafield>
  <datafield tag="100" ind1=" " ind2=" ">
    <subfield code="a">20040922f1575        0itac0103    ba</subfield>
  </datafield>
  <datafield tag="101" ind1=" " ind2=" ">
    <subfield code="a">LAT</subfield>
  </datafield>
  <datafield tag="102" ind1=" " ind2=" ">
    <subfield code="a">IT</subfield>
  </datafield>
  <datafield tag="200" ind1="1" ind2=" ">
    <subfield code="a">Summarium priuilegiorum, donationum concessionum, esentionum, et iurium, reuerendisimorum episcoporum Nouariae hominumque Ripariae orte, Gaudiani, ...  nec non quorumcunque processuum agitatorum inter cesaream, reg.que, et ducalem, cameram Mediolani, et prf̆atos reuerendissimos episcopos, et homines occaxione pretens,̆ superioritatis, et onerum dominio, Mediolani impositorum, et tam, in causa principali, quam appellationis pendet ab infrascriptis</subfield>
  </datafield>
  <datafield tag="210" ind1=" " ind2=" ">
    <subfield code="d">\1575!</subfield>
    <subfield code="e">Vercelli</subfield>
    <subfield code="g">apud Gulielmo Molino</subfield>
  </datafield>
  <datafield tag="215" ind1=" " ind2=" ">
    <subfield code="a">108, \12! p.</subfield>
    <subfield code="d">fol</subfield>
  </datafield>
  <datafield tag="300" ind1=" " ind2=" ">
    <subfield code="a">Per la data cfr.: Le cinquecentine piemontesi. A cura di Marina Bersano Begey e Giuseppe Dondi. p. 379</subfield>
  </datafield>
  <datafield tag="620" ind1=" " ind2=" ">
    <subfield code="a">IT</subfield>
    <subfield code="d">Vercelli</subfield>
  </datafield>
  <datafield tag="712" ind1="0" ind2="0">
    <subfield code="a">Molino, Guglielmo</subfield>
    <subfield code="3">IT\ICCU\CNCT\000249</subfield>
    <subfield code="4">650</subfield>
  </datafield>
  <datafield tag="791" ind1="0" ind2="0">
    <subfield code="a">Molinus, Gulielmus</subfield>
    <subfield code="3">IT\ICCU\CNCT\005212</subfield>
    <subfield code="z">Molino, Guglielmo</subfield>
  </datafield>
  <datafield tag="791" ind1="0" ind2="0">
    <subfield code="a">Mollino, Gullielmo</subfield>
    <subfield code="3">IT\ICCU\CNCT\005213</subfield>
    <subfield code="z">Molino, Guglielmo</subfield>
  </datafield>
  <datafield tag="801" ind1=" " ind2="3">
    <subfield code="a">IT</subfield>
    <subfield code="b">ICCU</subfield>
    <subfield code="c">20201115</subfield>
  </datafield>
  <datafield tag="899" ind1=" " ind2=" ">
    <subfield code="a">Biblioteca comunale Carlo Negroni. Novara</subfield>
    <subfield code="1">NO0054</subfield>
    <subfield code="2">TO0 08</subfield>
  </datafield>
  <datafield tag="899" ind1=" " ind2=" ">
    <subfield code="a">Biblioteca dell&apos;Archivio storico diocesano. Novara</subfield>
    <subfield code="1">NO0104</subfield>
    <subfield code="2">ZNO 01</subfield>
  </datafield>
</record>
</collection>
